@inproceedings{gehr2018ai2,
  title={Ai2: Safety and robustness certification of neural networks with abstract interpretation},
  author={Gehr, Timon and Mirman, Matthew and Drachsler-Cohen, Dana and Tsankov, Petar and Chaudhuri, Swarat and Vechev, Martin},
  booktitle={2018 IEEE Symposium on Security and Privacy (SP)},
  pages={3--18},
  year={2018},
  organization={IEEE}
}

@article{RHM2018,
	Author = {Wenjie Ruan and Xiaowei Huang and Marta Kwiatkowska},
	Title = {Reachability Analysis of Deep Neural Networks with Provable Guarantees},
	Journal = {arXiv preprint arXiv:1805.02242},
	Year = {2018}}

@inproceedings{julian2016policy,
  title={Policy compression for aircraft collision avoidance systems},
  author={Julian, Kyle D and Lopez, Jessica and Brush, Jeffrey S and Owen, Michael P and Kochenderfer, Mykel J},
  booktitle={Digital Avionics Systems Conference (DASC), 2016 IEEE/AIAA 35th},
  pages={1--10},
  year={2016},
  organization={IEEE}
}



@article{SWRHKK2018,
	Author = {Youcheng Sun and Min Wu and Wenjie Ruan and Xiaowei Huang and Marta Kwiatkowska and Daniel Kroening},
	Date-Added = {2018-05-02 07:09:17 +0000},
	Date-Modified = {2018-05-02 07:10:49 +0000},
	Journal = {arXiv preprint arXiv:1805.00089v1},
	Title = {Concolic Testing for Deep Neural Networks},
	Year = {2018}}
	

@inproceedings{ehlers2017formal,
  title={Formal verification of piece-wise linear feed-forward neural networks},
  author={Ehlers, Ruediger},
  booktitle={International Symposium on Automated Technology for Verification and Analysis},
  pages={269--286},
  year={2017},
  organization={Springer}
}

@inproceedings{wong2018provable,
  title={Provable defenses against adversarial examples via the convex outer adversarial polytope},
  author={Wong, Eric and Kolter, Zico},
  booktitle={International Conference on Machine Learning},
  pages={5286--5295},
  year={2018},
  organization={PMLR}
}

@article{xiang2017output,
  title={Output reachable set estimation and verification for multi-layer neural networks},
  author={Xiang, Weiming and Tran, Hoang-Dung and Johnson, Taylor T},
  journal={arXiv preprint arXiv:1708.03322},
  year={2017}
}

@article{bunel2017piecewise,
  title={Piecewise Linear Neural Network verification: A comparative study},
  author={Bunel, Rudy and Turkaslan, Ilker and Torr, Philip HS and Kohli, Pushmeet and Kumar, M Pawan},
  journal={arXiv preprint arXiv:1711.00455},
  year={2017}
}

@book{sohrab2003basic,
  title={Basic real analysis},
  author={Sohrab, Houshang H},
  volume={231},
  year={2003},
  publisher={Springer}
}


@article{piyavskii1972algorithm,
  title={An algorithm for finding the absolute extremum of a function},
  author={Piyavskii, SA},
  journal={USSR Computational Mathematics and Mathematical Physics},
  volume={12},
  number={4},
  pages={57--67},
  year={1972},
  publisher={Elsevier}
}

@article{dutta2017output,
	title={Output Range Analysis for Deep Neural Networks},
	author={Dutta, Souradeep and Jha, Susmit and Sanakaranarayanan, Sriram and Tiwari, Ashish},
	journal={arXiv preprint arXiv:1709.09130},
	year={2017}
}

@book{TZ1989,
 author = {Torn, Aimo and Zilinskas, Antanas},
 title = {Global Optimization},
 year = {1989},
 isbn = {0-387-50871-6},
 publisher = {Springer-Verlag New York, Inc.},
 address = {New York, NY, USA},
} 

@article{szegedy2014intriguing,
	title={Intriguing properties of neural networks},
	author={Szegedy, Christian and Zaremba, Wojciech and Sutskever, Ilya and Bruna, Joan and Erhan, Dumitru and Goodfellow, Ian and Fergus, Rob},
	journal={arXiv:1312.6199v4},
	year={2013},
}

@article{gergel2016adaptive,
	title={Adaptive nested optimization scheme for multidimensional global search},
	author={Gergel, Victor and Grishagin, Vladimir and Gergel, Alexander},
	journal={Journal of Global Optimization},
	volume={66},
	number={1},
	pages={35--51},
	year={2016},
	publisher={Springer}
}

@article{grishagin2018convergence,
	title={Convergence conditions and numerical comparison of global optimization methods based on dimensionality reduction schemes},
	author={Grishagin, Vladimir and Israfilov, Ruslan and Sergeyev, Yaroslav},
	journal={Applied Mathematics and Computation},
	volume={318},
	pages={270--280},
	year={2018},
	publisher={Elsevier}
}

@article{katz2017reluplex,
	title={Reluplex: An efficient SMT solver for verifying deep neural networks},
	author={Katz, Guy and Barrett, Clark and Dill, David and Julian, Kyle and Kochenderfer, Mykel},
	journal={arXiv preprint arXiv:1702.01135},
	year={2017}
}

@article{AOSCSM2016,
title = {Concrete Problems in AI Safety},
author  = {Dario Amodei and Chris Olah and Jacob Steinhardt and Paul Christiano and John Schulman and Dan Man√©},
year  = {2016},
URL = {https://arxiv.org/pdf/1606.06565.pdf},
journal = {arXiv preprint arXiv:1606.06565}
}


@InProceedings{HKWW2017,
author="Xiaowei Huang and
               Marta Kwiatkowska and
               Sen Wang and
               Min Wu",
title="Safety Verification of Deep Neural Networks",
booktitle="Computer Aided Verification",
year="2017",
publisher="Springer Berlin Heidelberg",
pages="3--29"
}

% @article{DJST2017,
%   author    = {Souradeep Dutta and
%               Susmit Jha and
%               Sriram Sanakaranarayanan and
%               Ashish Tiwari},
%   title     = {Output Range Analysis for Deep Neural Networks},
%   journal   = {CoRR},
%   volume    = {abs/1709.09130},
%   year      = {2017},
%   url       = {http://arxiv.org/abs/1709.09130},
%   archivePrefix = {arXiv},
%   eprint    = {1709.09130},
%   timestamp = {Thu, 05 Oct 2017 09:43:00 +0200},
%   biburl    = {http://dblp.org/rec/bib/journals/corr/abs-1709-09130},
%   bibsource = {dblp computer science bibliography, http://dblp.org}
% }

@article{LM2017,
  author    = {Alessio Lomuscio and
               Lalit Maganti},
  title     = {An approach to reachability analysis for feed-forward ReLU neural
               networks},
  journal   = {CoRR},
  volume    = {abs/1706.07351},
  year      = {2017},
  url       = {http://arxiv.org/abs/1706.07351},
  archivePrefix = {arXiv},
  eprint    = {1706.07351},
  timestamp = {Mon, 03 Jul 2017 13:29:02 +0200},
  biburl    = {http://dblp.org/rec/bib/journals/corr/LomuscioM17},
  bibsource = {dblp computer science bibliography, http://dblp.org}
}

@ARTICLE{GSS2014,
   author = {{Goodfellow}, I.~J. and {Shlens}, J. and {Szegedy}, C.},
    title = "{Explaining and Harnessing Adversarial Examples}",
  journal = {ArXiv e-prints},
archivePrefix = "arXiv",
   eprint = {1412.6572},
 primaryClass = "stat.ML",
 keywords = {Statistics - Machine Learning, Computer Science - Learning},
     year = 2014,
    month = dec,
   adsurl = {http://adsabs.harvard.edu/abs/2014arXiv1412.6572G},
  adsnote = {Provided by the SAO/NASA Astrophysics Data System}
}

@inproceedings{WHK2017,
  author      = {Matthew Wicker and
               Xiaowei Huang and
               Marta Kwiatkowska},
  title       = {Feature-Guided Black-Box Safety Testing of Deep Neural Networks},
  booktitle = {Proc. 24th International Conference on Tools and Algorithms for the Construction and Analysis of Systems (TACAS'18)},
    pages     = {408--426},
  year        = {2018}
} 


@article{NKPSW2017,
  author    = {Nina Narodytska and
   Shiva Prasad Kasiviswanathan and
    Leonid Ryzhyk and
     Mooly Sagiv and
      Toby Walsh},
  title     = {Verifying Properties of Binarized Deep Neural Networks},
  journal   = {CoRR},
  volume    = {abs/1709.06662},
  year      = {2017},
  url       = {https://arxiv.org/abs/1709.06662},
  archivePrefix = {arXiv},
  eprint    = {1709.06662},
}

@InProceedings{CNR2017,
author="Cheng, Chih-Hong
and N{\"u}hrenberg, Georg
and Ruess, Harald",
editor="D'Souza, Deepak
and Narayan Kumar, K.",
title="Maximum Resilience of Artificial Neural Networks",
booktitle="Automated Technology for Verification and Analysis",
year="2017",
publisher="Springer International Publishing",
address="Cham",
pages="251--268"
}

@article{PMJFCS2015,
  author    = {Nicolas Papernot and
               Patrick D. McDaniel and
               Somesh Jha and
               Matt Fredrikson and
               Z. Berkay Celik and
               Ananthram Swami},
  title     = {The Limitations of Deep Learning in Adversarial Settings},
  journal   = {CoRR},
  volume    = {abs/1511.07528},
  year      = {2015},
  url       = {http://arxiv.org/abs/1511.07528},
  archivePrefix = {arXiv},
  eprint    = {1511.07528},
  timestamp = {Wed, 07 Jun 2017 14:40:42 +0200},
  biburl    = {http://dblp.org/rec/bib/journals/corr/PapernotMJFCS15},
  bibsource = {dblp computer science bibliography, http://dblp.org}
}

@article{CW2016,
  author    = {Nicholas Carlini and
               David A. Wagner},
  title     = {Towards Evaluating the Robustness of Neural Networks},
  journal   = {CoRR},
  volume    = {abs/1608.04644},
  year      = {2016},
  url       = {http://arxiv.org/abs/1608.04644},
  archivePrefix = {arXiv},
  eprint    = {1608.04644},
  timestamp = {Wed, 14 Jun 2017 15:21:24 +0200},
  biburl    = {http://dblp.org/rec/bib/journals/corr/CarliniW16a},
  bibsource = {dblp computer science bibliography, http://dblp.org}
}

@InProceedings{PT2010,
author="Pulina, Luca
and Tacchella, Armando",
title="An Abstraction-Refinement Approach to Verification of Artificial Neural Networks",
booktitle="Computer Aided Verification",
year="2010",
publisher="Springer Berlin Heidelberg",
pages="243--257"
}

@article{SAOP2016,
  author    = {Seyed{-}Mohsen Moosavi{-}Dezfooli and
               Alhussein Fawzi and
               Omar Fawzi and
               Pascal Frossard},
  title     = {Universal adversarial perturbations},
  journal   = {CoRR},
  volume    = {abs/1610.08401},
  year      = {2016},
  url       = {http://arxiv.org/abs/1610.08401},
  archivePrefix = {arXiv},
  eprint    = {1610.08401},
  timestamp = {Wed, 07 Jun 2017 14:43:13 +0200},
  biburl    = {http://dblp.org/rec/bib/journals/corr/Moosavi-Dezfooli16},
  bibsource = {dblp computer science bibliography, http://dblp.org}
}

@InProceedings{Lowe1999,
  author    = {Lowe, David G},
  title     = {Object recognition from local scale-invariant features},
  booktitle   = {Proceedings of the International Conference on Computer Vision},
  year      = {1999},
  pages = {1150-1157}
}


@article{AJJ2014,
  author    = {Anh Mai Nguyen and
               Jason Yosinski and
               Jeff Clune},
  title     = {Deep Neural Networks are Easily Fooled: High Confidence Predictions
               for Unrecognizable Images},
  journal   = {CoRR},
  volume    = {abs/1412.1897},
  year      = {2014},
  url       = {http://arxiv.org/abs/1412.1897},
  archivePrefix = {arXiv},
  eprint    = {1412.1897},
  timestamp = {Wed, 07 Jun 2017 14:42:29 +0200},
  biburl    = {http://dblp.org/rec/bib/journals/corr/NguyenYC14},
  bibsource = {dblp computer science bibliography, http://dblp.org}
}